@article{Ran,
	author = {Ran, Shuping},
	title = {A Model for Web Services Discovery with QoS},
	journal = {SIGecom Exch.},
	issue_date = {Spring, 2003},
	volume = {4},
	number = {1},
	year = {2003},
	issn = {1551-9031},
	pages = {1--10},
	numpages = {10},
	doi = {10.1145/844357.844360},
	acmid = {844360},
	publisher = {ACM},
	keywords = {UDDI, UDDI extension, model, quality of services, tModel, web services discovery},
} 


@incollection{Multiobjective,
	year={2008},
	author={Caramia, Massimiliano},
	isbn={978-1-84800-381-1},
	booktitle={Multi-objective Management in Freight Logistics},
	doi={10.1007/978-1-84800-382-8_2},
	title={Multi-objective Optimization},
	publisher={Springer London},
	pages={11-36},
	language={English}
}
@article{Johansson,
	author = {Johansson, Jesper M.},
	title = {On the Impact of Network Latency on Distributed Systems Design},
	journal = {Inf. Technol. and Management},
	issue_date = {2000},
	volume = {1},
	number = {3},
	year = {2000},
	issn = {1385-951X},
	pages = {183--194},
	numpages = {12},
	doi = {10.1023/A:1019121024410},
	acmid = {595281},
	publisher = {Kluwer Academic Publishers},
	keywords = {distributed database systems, latency, network design, network response time, parallel processing},
} 
@article{Aboolian,
	title = "A location–allocation problem for a web services provider in a competitive market ",
	journal = "European Journal of Operational Research ",
	volume = "194",
	number = "1",
	pages = "64 - 77",
	year = "2009",
	note = "",
	issn = "0377-2217",
	doi = "http://dx.doi.org/10.1016/j.ejor.2007.11.057",
	author = "Robert Aboolian and Yi Sun and Gary J. Koehler",
	keywords = "Web Services",
	keywords = "Competitive facility location models",
	keywords = "Nonlinear integer programming "
}
@INPROCEEDINGS{5552800, 
	author={Zibin Zheng and Yilei Zhang and Lyu, M.R.}, 
	booktitle={Web Services (ICWS), 2010 IEEE International Conference on}, 
	title={Distributed QoS Evaluation for Real-World Web Services}, 
	year={2010}, 
	pages={83-90}, 
	keywords={Internet;Web services;quality of service;Internet;distributed QoS evaluation;real world Web services;reusable research datasets;Java;Logic gates;Probability;Quality of service;Servers;Web services;Distributed Evaluation;QoS;Web Service}, 
	doi={10.1109/ICWS.2010.10},}

@INPROCEEDINGS{6076756, 
	author={Yilei Zhang and Zibin Zheng and Lyu, M.R.}, 
	booktitle={Reliable Distributed Systems (SRDS), 2011 30th IEEE Symposium on}, 
	title={Exploring Latent Features for Memory-Based QoS Prediction in Cloud Computing}, 
	year={2011}, 
	pages={1-10}, 
	keywords={cloud computing;groupware;quality of service;storage management;CloudPred;cloud computing;collaborative quality prediction;distributed components;latent features;memory-based QoS prediction;neighborhood-based approach;personalized quality prediction;Accuracy;Cloud computing;Collaboration;Monitoring;Quality of service;Sparse matrices;Vectors;Cloud Computing;Prediction;QoS}, 
	doi={10.1109/SRDS.2011.10}, 
	ISSN={1060-9857},}

 
@incollection{EnhancedGenetic,
	year={2014},
	isbn={978-3-319-10084-5},
	booktitle={Database and Expert Systems Applications},
	volume={8645},
	series={Lecture Notes in Computer Science},
	editor={Decker, Hendrik and Lhotská, Lenka and Link, Sebastian and Spies, Marcus and Wagner, RolandR.},
	doi={10.1007/978-3-319-10085-2_20},
	title={An Enhanced Genetic Algorithm for Web Service Location-Allocation},
	publisher={Springer International Publishing},
	author={Huang, Hai and Ma, Hui and Zhang, Mengjie},
	pages={223-230},
	language={English}
}

@INPROCEEDINGS{distanceMetrics,
	Author = {Huffaker, B. and Fomenkov, M. and Plummer, D. and Moore, D. and claffy, k.}, 
	Title = {{Distance Metrics in the Internet}},
	BookTitle = {IEEE International Telecommunications Symposium (ITS)},
	Publisher = {IEEE},
	Pages = {200-202},
	Address = {Brazil},
	Month = {Sep},
	Year = {2002},
	Keywords = {active data analysis   topology}
}

@incollection{MultiobjectiveOptimization,
	year={2005},
	isbn={978-3-540-29498-6},
	booktitle={Stochastic Algorithms: Foundations and Applications},
	volume={3777},
	series={Lecture Notes in Computer Science},
	editor={Lupanov, OlegB. and Kasim-Zade, OktayM. and Chaskin, AlexanderV. and Steinhöfel, Kathleen},
	doi={10.1007/11571155_5},
	title={Recent Advances in Multiobjective Optimization},
	publisher={Springer Berlin Heidelberg},
	author={Zaroliagis, Christos},
	pages={45-47},
	language={English}
}
@article{Zhou201132,
	title = "Multiobjective evolutionary algorithms: A survey of the state of the art ",
	journal = "Swarm and Evolutionary Computation ",
	volume = "1",
	number = "1",
	pages = "32 - 49",
	year = "2011",
	note = "",
	issn = "2210-6502",
	doi = "http://dx.doi.org/10.1016/j.swevo.2011.03.001",
	author = "Aimin Zhou and Bo-Yang Qu and Hui Li and Shi-Zheng Zhao and Ponnuthurai Nagaratnam Suganthan and Qingfu Zhang",
	keywords = "Multiobjective optimization",
	keywords = "Evolutionary multiobjective optimization",
	keywords = "Multiobjective evolutionary algorithms",
	keywords = "Multicriteria decision making "
}
@article{key:article,
	author = {Sneha Desai and Sushant Bahadure and Faruk Kazi and Navdeep Singh},
	title = {Article: Multi-Objective Constrained Optimization using Discrete Mechanics and NSGA-II Approach},
	journal = {International Journal of Computer Applications},
	year = {2012},
	volume = {57},
	number = {20},
	pages = {14-20},
	note = {Full text available}
}
@inproceedings{Liu,
	author = {Liu, Yutu and Ngu, Anne H. and Zeng, Liang Z.},
	title = {QoS Computation and Policing in Dynamic Web Service Selection},
	booktitle = {Proceedings of the 13th International World Wide Web Conference on Alternate Track Papers \&Amp; Posters},
	series = {WWW Alt. '04},
	year = {2004},
	isbn = {1-58113-912-8},
	location = {New York, NY, USA},
	pages = {66--73},
	numpages = {8},
	doi = {10.1145/1013367.1013379},
	acmid = {1013379},
	publisher = {ACM},
	keywords = {QoS, extensible QoS model, ranking of QoS, web services},
}
@article{OptimizationElectrical,
	year={2008},
	issn={0268-3768},
	journal={The International Journal of Advanced Manufacturing Technology},
	volume={36},
	number={11-12},
	doi={10.1007/s00170-006-0921-8},
	title={Optimization of electrical discharge machining characteristics of WC/Co composites using non-dominated sorting genetic algorithm (NSGA-II)},
	publisher={Springer-Verlag},
	keywords={WC/Co composite; Electrical discharge machining (EDM); Non-dominated sorting genetic algorithm (NSGA-II); Modeling},
	author={Kanagarajan, D. and Karthikeyan, R. and Palanikumar, K. and Davim, J.Paulo},
	pages={1124-1132},
	language={English}
}
@article{Deb,
	author = {Deb, Kalyanmoy and Mohan, Manikanth and Mishra, Shikhar},
	title = {Evaluating the epsilon-Domination Based Multi-Objective Evolutionary Algorithm for a Quick Computation of Pareto-Optimal Solutions},
	journal = {Evol. Comput.},
	issue_date = {December 2005},
	volume = {13},
	number = {4},
	year = {2005},
	issn = {1063-6560},
	pages = {501--525},
	numpages = {25},
	doi = {10.1162/106365605774666895},
	acmid = {1109049},
	publisher = {MIT Press},
} 
@article{Elhossini,
	author = {Elhossini, Ahmed and Areibi, Shawki and Dony, Robert},
	title = {Strength Pareto Particle Swarm Optimization and Hybrid Ea-pso for Multi-objective Optimization},
	journal = {Evol. Comput.},
	issue_date = {Spring 2010},
	volume = {18},
	number = {1},
	year = {2010},
	issn = {1063-6560},
	pages = {127--156},
	numpages = {30},
	doi = {10.1162/evco.2010.18.1.18105},
	acmid = {1739151},
	publisher = {MIT Press},
	keywords = {Multi-objective optimization, evolutionary algorithms, particle swarm optimization, strength Pareto evolutionary algorithm},
}
@article{Huang,
	author = {Huang, V. L. and Suganthan, P. N. and Liang, J. J.},
	title = {Comprehensive Learning Particle Swarm Optimizer for Solving Multiobjective Optimization Problems: Research Articles},
	journal = {Int. J. Intell. Syst.},
	issue_date = {February 2006},
	volume = {21},
	number = {2},
	year = {2006},
	issn = {0884-8173},
	pages = {209--226},
	numpages = {18},
	doi = {10.1002/int.v21:2},
	acmid = {1108683},
	publisher = {John Wiley \& Sons, Inc.},
} 
@ARTICLE{996017,
	author={Deb, K. and Pratap, A. and Agarwal, S. and Meyarivan, T.},
	journal={Evolutionary Computation, IEEE Transactions on},
	title={A fast and elitist multiobjective genetic algorithm: NSGA-II},
	year={2002},
	volume={6},
	number={2},
	pages={182-197},
	doi={10.1109/4235.996017},
	ISSN={1089-778X},
}
@INPROCEEDINGS{Deb06referencepoint,
    author = {Kalyanmoy Deb and J. Sundar and Udaya Bhaskara Rao N and Shamik Chaudhuri},
    title = {Reference Point Based Multi-objective Optimization Using Evolutionary Algorithms},
    booktitle = {International Journal of Computational Intelligence Research},
    year = {2006},
    pages = {635--642},
    publisher = {Springer-Verlag}
}
@INPROCEEDINGS{4061431,
	author={Jiehan Zhou and Niemela, E.},
	booktitle={Web Intelligence, 2006. WI 2006. IEEE/WIC/ACM International Conference on},
	title={Toward Semantic QoS Aware Web Services: Issues, Related Studies and Experience},
	year={2006},
	pages={553-557},
	doi={10.1109/WI.2006.173},
}
@INPROCEEDINGS{916684,
	author={Jamin, S. and Cheng Jin and Kurc, A.R. and Raz, D. and Shavitt, Y.},
	booktitle={INFOCOM 2001. Twentieth Annual Joint Conference of the IEEE Computer and Communications Societies. Proceedings. IEEE},
	title={Constrained mirror placement on the Internet},
	year={2001},
	volume={1},
	pages={31-40 vol.1},
	doi={10.1109/INFCOM.2001.916684},
	ISSN={0743-166X},
}
@inproceedings{Vanrompay,
	author = {Vanrompay, Yves and Rigole, Peter and Berbers, Yolande},
	title = {Genetic Algorithm-based Optimization of Service Composition and Deployment},
	booktitle = {Proceedings of the 3rd International Workshop on Services Integration in Pervasive Environments},
	series = {SIPE '08},
	year = {2008},
	isbn = {978-1-60558-208-5},
	location = {Sorrento, Italy},
	pages = {13--18},
	numpages = {6},
	doi = {10.1145/1387309.1387313},
	acmid = {1387313},
	publisher = {ACM},
	keywords = {genetic algorithms, service composition, service deployment},
}
@article{Kuriakose2005133,
	title = "Multi-objective optimization of wire-electro discharge machining process by Non-Dominated Sorting Genetic Algorithm ",
	journal = "Journal of Materials Processing Technology ",
	volume = "170",
	number = "1–2",
	pages = "133 - 141",
	year = "2005",
	note = "",
	issn = "0924-0136",
	doi = "http://dx.doi.org/10.1016/j.jmatprotec.2005.04.105",
	author = "Shajan Kuriakose and M.S. Shunmugam",
	keywords = "Wire-EDM",
	keywords = "Regression model",
	keywords = "Multi-objective optimization",
	keywords = "Genetic algorithm",
	keywords = "Pareto-optimal set "
}

@ARTICLE{930314, 
	author={Beyer, H.-G. and Deb, K.}, 
	journal={Evolutionary Computation, IEEE Transactions on}, 
	title={On self-adaptive features in real-parameter evolutionary algorithms}, 
	year={2001}, 
	volume={5}, 
	number={3}, 
	pages={250-270}, 
	keywords={fuzzy set theory;genetic algorithms;search problems;blend crossover operators;fuzzy combination operator;genetic algorithms;population mean;population variance;search space;self-adaptive evolutionary algorithms;Automatic testing;Computer science;Electronic switching systems;Evolutionary computation;Genetic algorithms;Genetic mutations;Genetic programming;Government;Helium;Laboratories}, 
	doi={10.1109/4235.930314}, 
	ISSN={1089-778X},
}

@inproceedings{Raghuwanshi04,
    author = {Raghuwanshi, M. M. and Kakde, O. G.},
    booktitle = {Proceedings of the 8th Asia Pacific symposium on intelligent and evolutionary systems},
    citeulike-article-id = {12334119},
    keywords = {candidacy, genetic\_algorithm, multiobjective},
    pages = {150--161},
    posted-at = {2013-05-09 21:34:00},
    priority = {2},
    title = {{Survey on multiobjective evolutionary and real coded genetic algorithms}},
    year = {2004}
}

@article{Sun,
	author = {Sun, Yi and Koehler, Gary J.},
	title = {A Location Model for a Web Service Intermediary},
	journal = {Decis. Support Syst.},
	issue_date = {October 2006},
	volume = {42},
	number = {1},
	year = {2006},
	issn = {0167-9236},
	pages = {221--236},
	numpages = {16},
	doi = {10.1016/j.dss.2004.11.016},
	acmid = {1217754},
	publisher = {Elsevier Science Publishers B. V.},
	keywords = {facility location, heuristic algorithm, network latency, web services, web services intermediary}
}
@inproceedings{Xue,
	author = {Xue, Bing and Zhang, Mengjie and Browne, Will N.},
	title = {Multi-objective Particle Swarm Optimisation (PSO) for Feature Selection},
	booktitle = {Proceedings of the 14th Annual Conference on Genetic and Evolutionary Computation},
	series = {GECCO '12},
	year = {2012},
	isbn = {978-1-4503-1177-9},
	location = {Philadelphia, Pennsylvania, USA},
	pages = {81--88},
	numpages = {8},
	doi = {10.1145/2330163.2330175},
	acmid = {2330175},
	publisher = {ACM},
}

@INPROCEEDINGS{1688438, 
	author={Ishibuchi, H. and Nojima, Yusuke and Doi, T.}, 
	booktitle={Evolutionary Computation, 2006. CEC 2006. IEEE Congress on}, 
	title={Comparison between Single-Objective and Multi-Objective Genetic Algorithms: Performance Comparison and Performance Measures}, 
	year={2006}, 
	pages={1143-1150}, 
	keywords={genetic algorithms;knapsack problems;multi-objective genetic algorithms;multi-objective knapsack problems;scalar fitness function;single-objective genetic algorithms;Computational intelligence;Computer architecture;Computer science;Degradation;Evolutionary computation;Genetic algorithms;Hybrid power systems;Intelligent systems;Pareto optimization}, 
	doi={10.1109/CEC.2006.1688438},}
